@InProceedings{owoputi-etal-2013,
  author    = {Owoputi, Olutobi  and  O'Connor, Brendan  and  Dyer, Chris  and  Gimpel, Kevin  and  Schneider, Nathan  and  Smith, Noah A.},
  title     = {Improved Part-of-Speech Tagging for Online Conversational Text with Word Clusters},
  booktitle = {Proceedings of the 2013 Conference of the North American Chapter of the Association for Computational Linguistics: Human Language Technologies},
  month     = {June},
  year      = {2013},
  address   = {Atlanta, Georgia},
  publisher = {Association for Computational Linguistics},
  pages     = {380--390},
  url       = {http://www.aclweb.org/anthology/N13-1039}
}

@InProceedings{kong-etal-2014,
  author    = {Kong, Lingpeng  and  Schneider, Nathan  and  Swayamdipta, Swabha  and  Bhatia, Archna  and  Dyer, Chris  and  Smith, Noah A.},
  title     = {A Dependency Parser for Tweets},
  booktitle = {Proceedings of the 2014 Conference on Empirical Methods in Natural Language Processing (EMNLP)},
  month     = {October},
  year      = {2014},
  address   = {Doha, Qatar},
  publisher = {Association for Computational Linguistics},
  pages     = {1001--1012},
  url       = {http://www.aclweb.org/anthology/D14-1108}
}


@inproceedings{lin-2004,
  title={Rouge: A package for automatic evaluation of summaries},
  author={Lin, Chin-Yew},
  booktitle={Text Summarization Branches Out: Proceedings of the ACL-04 Workshop},
  pages={74--81},
  year={2004}
}

@book{mani-2001,
  title={Automatic summarization},
  author={Mani, Inderjeet},
  volume={3},
  year={2001},
  publisher={John Benjamins Publishing}
}

@inproceedings{wilson2005recognizing,
  title={Recognizing contextual polarity in phrase-level sentiment analysis},
  author={Wilson, Theresa and Wiebe, Janyce and Hoffmann, Paul},
  booktitle={Proceedings of the conference on human language technology and empirical methods in natural language processing},
  pages={347--354},
  year={2005},
  organization={Association for Computational Linguistics}
}

@article{ghosh2011entropy,
  title={Entropy-based classification of'retweeting'activity on twitter},
  author={Ghosh, Rumi and Surachawala, Tawan and Lerman, Kristina},
  journal={arXiv preprint arXiv:1106.0346},
  year={2011}
}

@inproceedings{chen2012extracting,
  title={Extracting Diverse Sentiment Expressions with Target-Dependent Polarity from Twitter.},
  author={Chen, Lu and Wang, Wenbo and Nagarajan, Meenakshi and Wang, Shaojun and Sheth, Amit P},
  booktitle={ICWSM},
  year={2012}
}

@inproceedings{feng2012characterizing,
  title={Characterizing stylistic elements in syntactic structure},
  author={Feng, Song and Banerjee, Ritwik and Choi, Yejin},
  booktitle={Proceedings of the 2012 Joint Conference on Empirical Methods in Natural Language Processing and Computational Natural Language Learning},
  pages={1522--1533},
  year={2012},
  organization={Association for Computational Linguistics}
}

@inproceedings{brooke2013multi,
  title={A Multi-Dimensional Bayesian Approach to Lexical Style.},
  author={Brooke, Julian and Hirst, Graeme},
  booktitle={HLT-NAACL},
  pages={673--679},
  year={2013}
}

@article{lloret2013towards,
  title={Towards automatic tweet generation: A comparative study from the text summarization perspective in the journalism genre},
  author={Lloret, Elena and Palomar, Manuel},
  journal={Expert Systems with Applications},
  volume={40},
  number={16},
  pages={6624--6630},
  year={2013},
  publisher={Elsevier}
}

@article{dethlefs2014cluster,
  title={Cluster-based Prediction of User Ratings for Stylistic Surface Realisation},
  author={Dethlefs, Nina and Cuay{\'a}huitl, Heriberto and Hastie, Helen and Rieser, Verena and Lemon, Oliver},
  journal={EACL 2014},
  pages={702},
  year={2014}
}

@inproceedings{manning2014stanford,
  title={The Stanford CoreNLP natural language processing toolkit},
  author={Manning, Christopher D and Surdeanu, Mihai and Bauer, John and Finkel, Jenny and Bethard, Steven J and McClosky, David},
  booktitle={Proceedings of 52nd Annual Meeting of the Association for Computational Linguistics: System Demonstrations},
  pages={55--60},
  year={2014}
}

@inproceedings{brooke2012building,
  title={Building readability lexicons with unannotated corpora},
  author={Brooke, Julian and Tsang, Vivian and Jacob, David and Shein, Fraser and Hirst, Graeme},
  booktitle={Proceedings of the First Workshop on Predicting and Improving Text Readability for target reader populations},
  pages={33--39},
  year={2012},
  organization={Association for Computational Linguistics}
}

@article{chakrabarti2011event,
  title={Event Summarization Using Tweets.},
  author={Chakrabarti, Deepayan and Punera, Kunal},
  journal={ICWSM},
  volume={11},
  pages={66--73},
  year={2011},
  publisher={Citeseer}
}

@inproceedings{inouye2011comparing,
  title={Comparing twitter summarization algorithms for multiple post summaries},
  author={Inouye, David and Kalita, Jugal K},
  booktitle={Privacy, Security, Risk and Trust (PASSAT) and 2011 IEEE Third Inernational Conference on Social Computing (SocialCom), 2011 IEEE Third International Conference on},
  pages={298--306},
  year={2011},
  organization={IEEE}
}

@inproceedings{o2010tweetmotif,
  title={TweetMotif: Exploratory Search and Topic Summarization for Twitter.},
  author={O'Connor, Brendan and Krieger, Michel and Ahn, David},
  booktitle={ICWSM},
  year={2010}
}

@inproceedings{yajuan2012twitter,
  title={Twitter topic summarization by ranking tweets using social influence and content quality},
  author={Yajuan, Duan and WEIF uRu, CHEN ZhuMin and Heung, ZHOU Ming and SHUM, Yeung},
  booktitle={Proceedings of the 24th International Conference on Computational Linguistics},
  pages={763--780},
  year={2012}
}

@article{wang2014socially,
  title={Socially-Informed Timeline Generation for Complex Events},
  author={Wang, Lu and Cardie, Claire and Marchetti, Galen},
  journal={constitution},
  year={2014}
}

@inproceedings{lofi2012iparticipate,
  title={iParticipate: Automatic tweet generation from local government data},
  author={Lofi, Christoph and Krestel, Ralf},
  booktitle={Database Systems for Advanced Applications},
  pages={295--298},
  year={2012},
  organization={Springer}
}

@article{hahn2000challenges,
  title={The challenges of automatic summarization},
  author={Hahn, Udo and Mani, Inderjeet},
  journal={Computer},
  volume={33},
  number={11},
  pages={29--36},
  year={2000},
  publisher={IEEE}
}

@inproceedings{conroy2006topic,
  title={Topic-focused multi-document summarization using an approximate oracle score},
  author={Conroy, John M and Schlesinger, Judith D and O'Leary, Dianne P},
  booktitle={Proceedings of the COLING/ACL on Main conference poster sessions},
  pages={152--159},
  year={2006},
  organization={Association for Computational Linguistics}
}

@inproceedings{he2000comparing,
  title={Comparing presentation summaries: slides vs. reading vs. listening},
  author={He, Liwei and Sanocki, Elizabeth and Gupta, Anoop and Grudin, Jonathan},
  booktitle={Proceedings of the SIGCHI conference on Human Factors in Computing Systems},
  pages={177--184},
  year={2000},
  organization={ACM}
}

@inproceedings{lin2004rouge,
  title={Rouge: A package for automatic evaluation of summaries},
  author={Lin, Chin-Yew},
  booktitle={Text Summarization Branches Out: Proceedings of the ACL-04 Workshop},
  pages={74--81},
  year={2004}
}

@inproceedings{nenkova2006summarization,
  title={Summarization evaluation for text and speech: issues and approaches.},
  author={Nenkova, Ani},
  booktitle={INTERSPEECH},
  year={2006}
}

@incollection{gomez2014content,
  title={Content and Style Features for Automatic Detection of Usersâ€™ Intentions in Tweets},
  author={G{\'o}mez-Adorno, Helena and Pinto, David and Montes, Manuel and Sidorov, Grigori and Alfaro, Rodrigo},
  booktitle={Advances in Artificial Intelligence--IBERAMIA 2014},
  pages={120--128},
  year={2014},
  publisher={Springer}
}

@inproceedings{banerjee2012towards,
  title={Towards Analyzing Micro-Blogs for Detection and Classification of Real-Time Intentions.},
  author={Banerjee, Nilanjan and Chakraborty, Dipanjan and Joshi, Anupam and Mittal, Sumit and Rai, Angshu and Ravindran, Balaraman},
  booktitle={ICWSM},
  year={2012}
}

@inproceedings{wang2015mining,
  title={Mining User Intents in Twitter: A Semi-Supervised Approach to Inferring Intent Categories for Tweets},
  author={Wang, Jinpeng and Cong, Gao and Zhao, Xin Wayne and Li, Xiaoming},
  booktitle={Twenty-Ninth AAAI Conference on Artificial Intelligence},
  year={2015}
}

@inproceedings{mohammad2013identifying,
  title={Identifying purpose behind electoral tweets},
  author={Mohammad, Saif M and Kiritchenko, Svetlana and Martin, Joel},
  booktitle={Proceedings of the Second International Workshop on Issues of Sentiment Discovery and Opinion Mining},
  pages={1},
  year={2013},
  organization={ACM}
}